<?xml version="1.0" encoding="UTF-8"?><collection xmlns="http://www.loc.gov/MARC21/slim"><record><leader>00544nam--2200181-i-4500</leader><controlfield tag="001">000045539</controlfield><controlfield tag="002">20161230</controlfield><controlfield tag="005">20161230201045</controlfield><controlfield tag="008">060222s1000------------r-----000-0-fre-d</controlfield><datafield ind1=" " ind2=" " tag="040"><subfield code="a">IFIN-HH</subfield></datafield><datafield ind1=" " ind2=" " tag="041"><subfield code="a">fre</subfield></datafield><datafield ind1=" " ind2=" " tag="080"><subfield code="a">536:539.22</subfield></datafield><datafield ind1="1" ind2=" " tag="100"><subfield code="a">Trinel-dufour,Marie-chantal</subfield></datafield><datafield ind1="1" ind2="0" tag="245"><subfield code="a">Etude thermodynamique des equilibres alliage-oxyde-spinelle dans le diagramme quaternaire fe-ni-mg-o</subfield><subfield code="b">These</subfield><subfield code="c">Marie-chantal trinel-dufour</subfield></datafield><datafield ind1=" " ind2=" " tag="260"><subfield code="a">Lille</subfield><subfield code="b">Universite</subfield><subfield code="c">1977</subfield></datafield><datafield ind1=" " ind2=" " tag="300"><subfield code="a">265 P</subfield></datafield><datafield ind1=" " ind2=" " tag="852"><subfield code="a">48412</subfield><subfield code="c">536</subfield></datafield><datafield ind1=" " ind2=" " tag="CAT"><subfield code="a">Sys</subfield><subfield code="c">20110510</subfield><subfield code="h">114329</subfield></datafield></record></collection>